%% This BibTeX bibliography file was created using BibDesk.
%% http://bibdesk.sourceforge.net/

%% Created for Mario Linares at 2018-12-01 20:41:37 -0500 


%% Saved with string encoding Unicode (UTF-8) 



@article{Test,
	Author = {Shauvik Roy Choudhary ; Husayn Versee ; Alessandro Orso},
	Date-Added = {2020-20-02 09:30:34 +0000},
	Date-Modified = {2020-20-02 09:30:34 +0000},
	Doi = {10.1109/ICSM.2010.5609723},
	Issn = {1063-6773},
	Journal = {IEEE International Conference on Software Maintenance},
	Keywords = {Browsers,Web pages,HTML,Servers,Rendering (computer graphics),Internet,Testing,program debugging,program diagnostics,program testing,WEBDIFF,Web application,cross-platform issues,cosmetic bugs,critical functional failures,cross-browser testing,cross-browser issues diagnosis,differential testing,structural analysis},
	Month = {Sept},
	Number = {5},
	Pages = {649-678},
	Title = {An Analysis and Survey of the Development of Mutation Testing},
	Volume = {37},
	Year = {2011},
	Bdsk-Url-1 = {http://dx.doi.org/10.1109/ICSM.2010.5609723}}

@inproceedings{Moran:ICSE18,
	Acmid = {3183492},
	Address = {New York, NY, USA},
	Author = {Moran, Kevin and Tufano, Michele and Bernal-C\'{a}rdenas, Carlos and Linares-V\'{a}squez, Mario and Bavota, Gabriele and Vendome, Christopher and Di Penta, Massimiliano and Poshyvanyk, Denys},
	Booktitle = {Proceedings of the 40th International Conference on Software Engineering: Companion Proceeedings},
	Date-Added = {2018-12-02 01:33:20 +0000},
	Date-Modified = {2018-12-02 01:33:28 +0000},
	Doi = {10.1145/3183440.3183492},
	Isbn = {978-1-4503-5663-3},
	Keywords = {android, mutation testing, operators},
	Location = {Gothenburg, Sweden},
	Numpages = {4},
	Pages = {33--36},
	Publisher = {ACM},
	Series = {ICSE '18},
	Title = {MDroid+: A Mutation Testing Framework for Android},
	Url = {http://doi.acm.org/10.1145/3183440.3183492},
	Year = {2018},
	Bdsk-Url-1 = {http://doi.acm.org/10.1145/3183440.3183492},
	Bdsk-Url-2 = {http://dx.doi.org/10.1145/3183440.3183492}}

@article{arnatovich2018comparison,
	Author = {Arnatovich, Yauhen Leanidavich and Wang, Lipo and Ngo, Ngoc Minh and Soh, Charlie},
	Journal = {IEEE Access},
	Pages = {12382--12394},
	Publisher = {IEEE},
	Title = {A Comparison of Android Reverse Engineering Tools via Program Behaviors Validation Based on Intermediate Languages Transformation},
	Volume = {6},
	Year = {2018}}

@inproceedings{8094439,
	Author = {M. Linares-V{\'a}squez and K. Moran and D. Poshyvanyk},
	Booktitle = {2017 IEEE International Conference on Software Maintenance and Evolution (ICSME)},
	Doi = {10.1109/ICSME.2017.27},
	Keywords = {mobile computing;program testing;automated mobile app testing;mobile app development;device fragmentation;comprehensive mobile testing strategy;development process;automated testing tools;comprehensive automated solution;automated oracles;test cases;automated evolution;comprehensive testing solution;practical automated testing solution;comprehensive mobile app testing framework;Continuous, Evolutionary and Large-scale;contextual app states;effective testing solution;Testing;Mobile communication;Graphical user interfaces;Tools;Systematics;Automation;Manuals},
	Month = {Sept},
	Pages = {399-410},
	Title = {Continuous, Evolutionary and Large-Scale: A New Perspective for Automated Mobile App Testing},
	Year = {2017},
	Bdsk-Url-1 = {http://dx.doi.org/10.1109/ICSME.2017.27}}

@article{palomba2018crowdsourcing,
	Author = {Palomba, Fabio and Linares-V{\'a}squez, Mario and Bavota, Gabriele and Oliveto, Rocco and Di Penta, Massimiliano and Poshyvanyk, Denys and De Lucia, Andrea},
	Date-Modified = {2018-06-16 22:15:19 +0000},
	Journal = {JSS},
	Pages = {143--162},
	Title = {Crowdsourcing user reviews to support the evolution of mobile apps},
	Volume = {137},
	Year = {2018}}

@inproceedings{fazzini2017automated,
	Author = {Fazzini, Mattia and Orso, Alessandro},
	Booktitle = {ASE'17},
	Date-Modified = {2018-06-16 22:15:41 +0000},
	Pages = {308--318},
	Title = {Automated cross-platform inconsistency detection for mobile apps},
	Year = {2017}}

@article{deng2017mutation,
	Author = {Deng, Lin and Offutt, Jeff and Ammann, Paul and Mirzaei, Nariman},
	Journal = {Information and Software Technology},
	Pages = {154--168},
	Publisher = {Elsevier},
	Title = {Mutation operators for testing Android apps},
	Volume = {81},
	Year = {2017}}

@inproceedings{choudhary2015automated,
	Author = {Choudhary, Shauvik Roy and Gorla, Alessandra and Orso, Alessandro},
	Booktitle = {ASE'15},
	Date-Modified = {2018-06-16 22:16:03 +0000},
	Pages = {429--440},
	Title = {Automated test input generation for android: Are we there yet?(e)},
	Year = {2015}}

@inproceedings{kochhar2015understanding,
	Author = {Kochhar, Pavneet Singh and Thung, Ferdian and Nagappan, Nachiappan and Zimmermann, Thomas and Lo, David},
	Booktitle = {ICST'15},
	Date-Modified = {2018-06-16 22:16:27 +0000},
	Pages = {1--10},
	Title = {Understanding the test automation culture of app developers},
	Year = {2015}}

@inproceedings{linares2017continuous,
	Author = {Linares-V{\'a}squez, Mario and Moran, Kevin and Poshyvanyk, Denys},
	Booktitle = {ICSME'17},
	Date-Modified = {2018-06-16 22:16:47 +0000},
	Pages = {399--410},
	Title = {Continuous, evolutionary and large-scale: A new perspective for automated mobile app testing},
	Year = {2017}}

@inproceedings{villarroel2016release,
	Author = {Villarroel, Lorenzo and Bavota, Gabriele and Russo, Barbara and Oliveto, Rocco and Di Penta, Massimiliano},
	Booktitle = {ICSE'16},
	Date-Modified = {2018-06-16 22:17:20 +0000},
	Pages = {14--24},
	Title = {Release planning of mobile apps based on user reviews},
	Year = {2016}}

@inproceedings{di2016would,
	Author = {Di Sorbo, Andrea and Panichella, Sebastiano and Alexandru, Carol V and Shimagaki, Junji and Visaggio, Corrado A and Canfora, Gerardo and Gall, Harald C},
	Booktitle = {FSE'16},
	Date-Modified = {2018-06-16 22:17:58 +0000},
	Pages = {499--510},
	Title = {What would users change in my app? summarizing app reviews for recommending software changes},
	Year = {2016}}

@article{li:IST2017,
	Author = {Li, Li and Bissyand{\'e}, Tegawend{\'e} F and Papadakis, Mike and Rasthofer, Siegfried and Bartel, Alexandre and Octeau, Damien and Klein, Jacques and Traon, Le},
	Date-Modified = {2018-06-16 22:18:54 +0000},
	Journal = {IST},
	Pages = {67--95},
	Title = {Static analysis of android apps: A systematic literature review},
	Volume = {88},
	Year = {2017}}

@online{firebase,
	Author = {Google},
	Title = {Firebase Test Lab for Android},
	Url = {https://firebase.google.com},
	Bdsk-Url-1 = {https://firebase.google.com}}

@article{spathoulas2014assessing,
	Author = {Spathoulas, Alexandros},
	Journal = {School of Informatics, University of Edinburgh},
	Title = {Assessing tools for finding bugs in concurrent java},
	Year = {2014}}

@inproceedings{Arzt:2014,
	Author = {Arzt, Steven and Rasthofer, Siegfried and Fritz, Christian and Bodden, Eric and Bartel, Alexandre and Klein, Jacques and Le Traon, Yves and Octeau, Damien and McDaniel, Patrick},
	Booktitle = {PLDI'14},
	Date-Added = {2018-06-16 05:10:19 +0000},
	Date-Modified = {2018-06-16 22:19:56 +0000},
	Pages = {259--269},
	Title = {FlowDroid: Precise Context, Flow, Field, Object-sensitive and Lifecycle-aware Taint Analysis for Android Apps},
	Year = {2014},
	Bdsk-Url-1 = {http://doi.acm.org/10.1145/2594291.2594299},
	Bdsk-Url-2 = {http://dx.doi.org/10.1145/2594291.2594299}}

@inproceedings{Linares-Vasquez:2014,
	Acmid = {2597085},
	Author = {Linares-V\'{a}squez, Mario and Bavota, Gabriele and Bernal-C\'{a}rdenas, Carlos and Oliveto, Rocco and Di Penta, Massimiliano and Poshyvanyk, Denys},
	Booktitle = {MSR'14},
	Date-Added = {2018-06-16 05:31:08 +0000},
	Date-Modified = {2018-06-16 22:22:40 +0000},
	Keywords = {Empirical Study, Energy consumption, Mobile applications},
	Numpages = {10},
	Pages = {2--11},
	Title = {Mining Energy-greedy API Usage Patterns in Android Apps: An Empirical Study},
	Year = {2014},
	Bdsk-Url-1 = {http://doi.acm.org/10.1145/2597073.2597085},
	Bdsk-Url-2 = {http://dx.doi.org/10.1145/2597073.2597085}}

@inproceedings{deng2015towards,
	Author = {Deng, Lin and Mirzaei, Nariman and Ammann, Paul and Offutt, Jeff},
	Booktitle = {Software Testing, Verification and Validation Workshops (ICSTW), 2015 IEEE Eighth International Conference on},
	Organization = {IEEE},
	Pages = {1--10},
	Title = {Towards mutation analysis of android apps},
	Year = {2015}}

@inproceedings{linares2017enabling,
	Acmid = {3106275},
	Author = {Linares-V\'{a}squez, Mario and Bavota, Gabriele and Tufano, Michele and Moran, Kevin and Di Penta, Massimiliano and Vendome, Christopher and Bernal-C\'{a}rdenas, Carlos and Poshyvanyk, Denys},
	Booktitle = {ESEC/FSE'17},
	Date-Added = {2018-06-16 06:36:30 +0000},
	Date-Modified = {2018-06-16 22:27:09 +0000},
	Doi = {10.1145/3106237.3106275},
	Isbn = {978-1-4503-5105-8},
	Keywords = {Android, Fault taxonomy, Mutation testing, Operators},
	Location = {Paderborn, Germany},
	Numpages = {12},
	Pages = {233--244},
	Title = {Enabling Mutation Testing for Android Apps},
	Year = {2017},
	Bdsk-Url-1 = {http://doi.acm.org/10.1145/3106237.3106275},
	Bdsk-Url-2 = {http://dx.doi.org/10.1145/3106237.3106275}}

@online{apktool,
	Author = {Wi{\'s}niewsky, Ryszard and Tumbleson, Connor},
	Title = {APKTool, A tool for reverse engineering Android apk files},
	Url = {https://ibotpeaches.github.io/Apktool/},
	Bdsk-Url-1 = {https://ibotpeaches.github.io/Apktool/}}

@online{mudroid,
	Author = {Yuan-W},
	Title = {MuDroid},
	Url = {https://github.com/Yuan-W/muDroid},
	Bdsk-Url-1 = {https://github.com/Yuan-W/muDroid}}

@article{Leicht2017IEEESoftware,
	Author = {N. Leicht and I. Blohm and J. M. Leimeister},
	Doi = {10.1109/MS.2017.37},
	Issn = {0740-7459},
	Journal = {IEEE Software},
	Keywords = {crowdsourcing;Internet;personnel;program testing;software engineering;software testing;IT-enabled business models;manual testing;crowdtesting;crowdsourcing;Internet users;employees;software development executives;Companies;Information technology;Computer bugs;Software testing;Crowdsourcing;Hardware;software engineering;software testing;crowdsourcing;debugging;testing strategies;distributed testing;crowdtesting;software development},
	Month = {Mar},
	Number = {2},
	Pages = {62-69},
	Title = {Leveraging the Power of the Crowd for Software Testing},
	Volume = {34},
	Year = {2017},
	Bdsk-Url-1 = {http://dx.doi.org/10.1109/MS.2017.37}}

@article{stol2017crowdsourcing,
	Author = {Stol, Klaas-Jan and LaToza, Thomas D and Bird, Christian},
	Journal = {IEEE software},
	Number = {2},
	Pages = {30--36},
	Publisher = {IEEE},
	Title = {Crowdsourcing for software engineering},
	Volume = {34},
	Year = {2017}}

@inproceedings{praphamontripong2016experimental,
	Author = {Praphamontripong, Upsorn and Offutt, Jeff and Deng, Lin and Gu, JingJing},
	Booktitle = {2016 IEEE Ninth International Conference on Software Testing, Verification and Validation Workshops (ICSTW)},
	Organization = {IEEE},
	Pages = {102--111},
	Title = {An experimental evaluation of web mutation operators},
	Year = {2016}}

@inproceedings{appelt2014automated,
	Author = {Appelt, Dennis and Nguyen, Cu Duy and Briand, Lionel C and Alshahwan, Nadia},
	Booktitle = {Proceedings of the 2014 International Symposium on Software Testing and Analysis},
	Organization = {ACM},
	Pages = {259--269},
	Title = {Automated testing for SQL injection vulnerabilities: an input mutation approach},
	Year = {2014}}

@article{lin2014modeling,
	Author = {Lin, Jialiu and Liu, Bin and Sadeh, Norman and Hong, Jason I},
	Title = {Modeling users' mobile app privacy preferences: Restoring usability in a sea of permission settings},
	Year = {2014}}

@inproceedings{arnatovich2014empirical,
	Author = {Arnatovich, Yauhen and Tan, Hee Beng Kuan and Ding, Sun and Liu, Kaiping and Shar, Lwin Khin},
	Booktitle = {SEKE},
	Pages = {205--210},
	Title = {Empirical Comparison of Intermediate Representations for Android Applications.},
	Year = {2014}}

@inproceedings{rodriguez2018mutode,
	Author = {Rodr{\'\i}guez-Baquero, Diego and Linares-V{\'a}squez, Mario},
	Booktitle = {Proceedings of the 27th ACM SIGSOFT International Symposium on Software Testing and Analysis},
	Organization = {ACM},
	Pages = {372--375},
	Title = {Mutode: generic JavaScript and Node. js mutation testing tool},
	Year = {2018}}

@online{MutAPK,
	Author = {Camilo Escobar-Vel{\'a}squez, Mario Linares-V{\'a}squez},
	Title = {MutAPK, enabling mutation testing at APK level},
	Url = {https://thesoftwaredesignlab.github.io/MutAPK/},
	Bdsk-Url-1 = {https://thesoftwaredesignlab.github.io/MutAPK/}}

@inproceedings{Pathak:2011,
	Acmid = {2070567},
	Articleno = {5},
	Author = {Pathak, Abhinav and Hu, Y. Charlie and Zhang, Ming},
	Booktitle = {HotNets-X'11},
	Date-Added = {2018-06-16 05:34:11 +0000},
	Date-Modified = {2018-06-16 22:27:46 +0000},
	Doi = {10.1145/2070562.2070567},
	Isbn = {978-1-4503-1059-8},
	Location = {Cambridge, Massachusetts},
	Numpages = {6},
	Pages = {5:1--5:6},
	Title = {Bootstrapping Energy Debugging on Smartphones: A First Look at Energy Bugs in Mobile Devices},
	Year = {2011},
	Bdsk-Url-1 = {http://doi.acm.org/10.1145/2070562.2070567},
	Bdsk-Url-2 = {http://dx.doi.org/10.1145/2070562.2070567}}

@inproceedings{azim:OOPSLA2013,
	Acmid = {2509549},
	Author = {Azim, Tanzirul and Neamtiu, Iulian},
	Booktitle = {OOPSLA '13},
	Date-Modified = {2018-06-16 22:27:19 +0000},
	Doi = {10.1145/2509136.2509549},
	Isbn = {978-1-4503-2374-1},
	Keywords = {code coverage, dynamic analysis, google android, greybox testing, gui testing, systematic exploration, taint analysis, test case generation},
	Location = {Indianapolis, Indiana, USA},
	Numpages = {20},
	Pages = {641--660},
	Title = {Targeted and Depth-first Exploration for Systematic Testing of Android Apps},
	Year = {2013},
	Bdsk-Url-1 = {http://doi.acm.org/10.1145/2509136.2509549},
	Bdsk-Url-2 = {http://dx.doi.org/10.1145/2509136.2509549}}

@inproceedings{lortz:SPSMD2014,
	Author = {Lortz, Steffen and Mantel, Heiko and Starostin, Artem and B{\"a}hr, Timo and Schneider, David and Weber, Alexandra},
	Booktitle = {SPSM'14},
	Date-Modified = {2018-06-16 22:26:03 +0000},
	Pages = {93--104},
	Title = {Cassandra: Towards a certifying app store for android},
	Year = {2014}}

@article{payet:IST2012,
	Author = {Payet, {\'E}tienne and Spoto, Fausto},
	Journal = {Information and Software Technology},
	Number = {11},
	Pages = {1192--1201},
	Publisher = {Elsevier},
	Title = {Static analysis of Android programs},
	Volume = {54},
	Year = {2012}}

@inproceedings{shuai2014modelling,
	Author = {Shuai, Shao and Guowei, Dong and Tao, Guo and Tianchang, Yang and Chenjie, Shi},
	Booktitle = {Dependable, Autonomic and Secure Computing (DASC), 2014 IEEE 12th International Conference on},
	Organization = {IEEE},
	Pages = {75--80},
	Title = {Modelling analysis and auto-detection of cryptographic misuse in android applications},
	Year = {2014}}

@inproceedings{joorabchi2013real,
	Author = {M. E. Joorabchi and A. Mesbah and P. Kruchten},
	Booktitle = {2013 ACM / IEEE International Symposium on Empirical Software Engineering and Measurement},
	Doi = {10.1109/ESEM.2013.9},
	Issn = {1949-3770},
	Keywords = {mobile computing;smart phones;mobile app development;smartphones;mobile devices;grounded theory approach;mobile development community;Mobile communication;Testing;Androids;Humanoid robots;Interviews;Companies;Smart phones;mobile app development;mobile platforms;qualitative study},
	Month = {Oct},
	Pages = {15-24},
	Title = {Real Challenges in Mobile App Development},
	Year = {2013},
	Bdsk-Url-1 = {http://dx.doi.org/10.1109/ESEM.2013.9}}

@inproceedings{zaeem2014automated,
	Author = {Zaeem, Razieh Nokhbeh and Prasad, Mukul R and Khurshid, Sarfraz},
	Booktitle = {Software Testing, Verification and Validation (ICST), 2014 IEEE Seventh International Conference on},
	Organization = {IEEE},
	Pages = {183--192},
	Title = {Automated generation of oracles for testing user-interaction features of mobile apps},
	Year = {2014}}

@book{ammann2016introduction,
	Author = {Ammann, Paul and Offutt, Jeff},
	Publisher = {Cambridge University Press},
	Title = {Introduction to software testing},
	Year = {2016}}

@article{li:IaST2017,
	Author = {Li, Li and Bissyand{\'e}, Tegawend{\'e} F and Papadakis, Mike and Rasthofer, Siegfried and Bartel, Alexandre and Octeau, Damien and Klein, Jacques and Traon, Le},
	Journal = {Information and Software Technology},
	Pages = {67--95},
	Publisher = {Elsevier},
	Title = {Static analysis of android apps: A systematic literature review},
	Volume = {88},
	Year = {2017}}

@inproceedings{linares:ICSME2017,
	Author = {Linares-V{\'a}squez, Mario and Moran, Kevin and Poshyvanyk, Denys},
	Booktitle = {Software Maintenance and Evolution (ICSME), 2017 IEEE International Conference on},
	Organization = {IEEE},
	Pages = {399--410},
	Title = {Continuous, evolutionary and large-scale: A new perspective for automated mobile app testing},
	Year = {2017}}

@inproceedings{azim:ACMSigplanNotices2013,
	Author = {Azim, Tanzirul and Neamtiu, Iulian},
	Booktitle = {Acm Sigplan Notices},
	Number = {10},
	Organization = {ACM},
	Pages = {641--660},
	Title = {Targeted and depth-first exploration for systematic testing of android apps},
	Volume = {48},
	Year = {2013}}

@inproceedings{mirzaei:ISSRE2015,
	Author = {Mirzaei, Nariman and Bagheri, Hamid and Mahmood, Riyadh and Malek, Sam},
	Booktitle = {Software Reliability Engineering (ISSRE), 2015 IEEE 26th International Symposium on},
	Organization = {IEEE},
	Pages = {461--471},
	Title = {Sig-droid: Automated system input generation for android applications},
	Year = {2015}}

@inproceedings{anand:FSE2012,
	Author = {Anand, Saswat and Naik, Mayur and Harrold, Mary Jean and Yang, Hongseok},
	Booktitle = {Proceedings of the ACM SIGSOFT 20th International Symposium on the Foundations of Software Engineering},
	Organization = {ACM},
	Pages = {59},
	Title = {Automated concolic testing of smartphone apps},
	Year = {2012}}

@inproceedings{jensen:ISSTA2013,
	Author = {Jensen, Casper S and Prasad, Mukul R and M{\o}ller, Anders},
	Booktitle = {Proceedings of the 2013 International Symposium on Software Testing and Analysis},
	Organization = {ACM},
	Pages = {67--77},
	Title = {Automated testing with targeted event sequence generation},
	Year = {2013}}

@inproceedings{hoffmann:SIGAPP2013,
	Author = {Hoffmann, Johannes and Ussath, Martin and Holz, Thorsten and Spreitzenbarth, Michael},
	Booktitle = {Proceedings of the 28th Annual ACM Symposium on Applied Computing},
	Organization = {ACM},
	Pages = {1844--1851},
	Title = {Slicing droids: program slicing for smali code},
	Year = {2013}}

@inproceedings{shabtai:CIS2010,
	Author = {Shabtai, Asaf and Fledel, Yuval and Elovici, Yuval},
	Booktitle = {Computational Intelligence and Security (CIS), 2010 International Conference on},
	Organization = {IEEE},
	Pages = {329--333},
	Title = {Automated static code analysis for classifying android applications using machine learning},
	Year = {2010}}

@inproceedings{zheng:DIMVA2012,
	Author = {Zheng, Min and Lee, Patrick PC and Lui, John CS},
	Booktitle = {International conference on detection of intrusions and malware, and vulnerability assessment},
	Organization = {Springer},
	Pages = {82--101},
	Title = {ADAM: an automatic and extensible platform to stress test android anti-virus systems},
	Year = {2012}}

@article{desnos:BLACKHAT2011,
	Author = {Desnos, Anthony and Gueguen, Geoffroy},
	Journal = {Proc. of Black Hat Abu Dhabi},
	Pages = {77--101},
	Title = {Android: From reversing to decompilation},
	Year = {2011}}

@article{arzt:ACMSigplanNotices2014,
	Author = {Arzt, Steven and Rasthofer, Siegfried and Fritz, Christian and Bodden, Eric and Bartel, Alexandre and Klein, Jacques and Le Traon, Yves and Octeau, Damien and McDaniel, Patrick},
	Journal = {Acm Sigplan Notices},
	Number = {6},
	Pages = {259--269},
	Publisher = {ACM},
	Title = {Flowdroid: Precise context, flow, field, object-sensitive and lifecycle-aware taint analysis for android apps},
	Volume = {49},
	Year = {2014}}

@inproceedings{lu:CCS2012,
	Author = {Lu, Long and Li, Zhichun and Wu, Zhenyu and Lee, Wenke and Jiang, Guofei},
	Booktitle = {Proceedings of the 2012 ACM conference on Computer and communications security},
	Organization = {ACM},
	Pages = {229--240},
	Title = {Chex: statically vetting android apps for component hijacking vulnerabilities},
	Year = {2012}}

@article{octeau:Security2013,
	Author = {Octeau, Damien and McDaniel, Patrick and Jha, Somesh and Bartel, Alexandre and Bodden, Eric and Klein, Jacques and Le Traon, Yves},
	Journal = {Effective Inter-Component Communication Mapping in Android with Epicc: An Essential Step Towards Holistic Security Analysis},
	Title = {Effective inter-component communication mapping in android with epicc: An essential step towards holistic security analysis},
	Year = {2013}}

@inproceedings{octeau:ICSE2015,
	Author = {Octeau, Damien and Luchaup, Daniel and Dering, Matthew and Jha, Somesh and McDaniel, Patrick},
	Booktitle = {Proceedings of the 37th International Conference on Software Engineering-Volume 1},
	Organization = {IEEE Press},
	Pages = {77--88},
	Title = {Composite constant propagation: Application to android inter-component communication analysis},
	Year = {2015}}

@inproceedings{li:TrustCom2014,
	Author = {Li, Li and Bartel, Alexandre and Klein, Jacques and Le Traon, Yves},
	Booktitle = {Trust, Security and Privacy in Computing and Communications (TrustCom), 2014 IEEE 13th International Conference on},
	Organization = {IEEE},
	Pages = {388--397},
	Title = {Automatically exploiting potential component leaks in android applications},
	Year = {2014}}

@article{lin:SOUPS2014,
	Author = {Lin, Jialiu and Liu, Bin and Sadeh, Norman and Hong, Jason I},
	Title = {Modeling users' mobile app privacy preferences: Restoring usability in a sea of permission settings},
	Year = {2014}}

@inproceedings{li:ISSTA2013,
	Author = {Li, Ding and Hao, Shuai and Halfond, William GJ and Govindan, Ramesh},
	Booktitle = {Proceedings of the 2013 International Symposium on Software Testing and Analysis},
	Organization = {ACM},
	Pages = {78--89},
	Title = {Calculating source line level energy information for android applications},
	Year = {2013}}

@inproceedings{crussell:ESORICS2012,
	Author = {Crussell, Jonathan and Gibler, Clint and Chen, Hao},
	Booktitle = {European Symposium on Research in Computer Security},
	Organization = {Springer},
	Pages = {37--54},
	Title = {Attack of the clones: Detecting cloned applications on android markets},
	Year = {2012}}

@inproceedings{crussell:ESORICS2013,
	Author = {Crussell, Jonathan and Gibler, Clint and Chen, Hao},
	Booktitle = {European Symposium on Research in Computer Security},
	Organization = {Springer},
	Pages = {182--199},
	Title = {Andarwin: Scalable detection of semantically similar android applications},
	Year = {2013}}

@online{jvms,
	Author = {Oracle},
	Title = {The Java{\textregistered} Virtual Machine Specification},
	Url = {https://docs.oracle.com/javase/specs/jvms/se8/html/},
	Bdsk-Url-1 = {https://docs.oracle.com/javase/specs/jvms/se8/html/}}

@online{pljvm,
	Author = {Robert Tolksdorf},
	Title = {Programming languages for the Java Virtual Machine JVM and Javascript},
	Url = {http://vmlanguages.is-research.de/},
	Bdsk-Url-1 = {http://vmlanguages.is-research.de/}}

@online{dvmi,
	Author = {Dan Bornstein},
	Title = {Dalvik VM Internals},
	Url = {https://sites.google.com/site/io/dalvik-vm-internals/2008-05-29-Presentation-Of-Dalvik-VM-Internals.pdf?attredirects=1},
	Bdsk-Url-1 = {https://sites.google.com/site/io/dalvik-vm-internals/2008-05-29-Presentation-Of-Dalvik-VM-Internals.pdf?attredirects=1}}

@online{jitcadvm,
	Author = {Ben Cheng, Bill Buzbee},
	Title = {A JIT Compiler for Android's Dalvik VM},
	Url = {http://www.android-app-developer.co.uk/android-app-development-docs/android-jit-compiler-androids-dalvik-vm.pdf},
	Bdsk-Url-1 = {http://www.android-app-developer.co.uk/android-app-development-docs/android-jit-compiler-androids-dalvik-vm.pdf}}

@online{soot,
	Author = {Sable Research Group},
	Title = {Soot},
	Url = {https://sable.github.io/soot/},
	Bdsk-Url-1 = {https://sable.github.io/soot/}}

@online{smali,
	Author = {Ben Gruver},
	Title = {SMALI},
	Url = {https://github.com/JesusFreke/smali},
	Bdsk-Url-1 = {https://github.com/JesusFreke/smali}}

